@MANUAL{svgspec,
    title = "Scalable Vector Graphics (SVG) 1.1 Specification {[online]}",
    organization = "WWW Consorcium",
    url = "http://www.w3.org/TR/2003/REC-SVG11-20030114/",
    note = "[cit. 2011-07-07]",
    key = "svg"
}

@INBOOK{kobltypo,
	title = "Praktick{\' a} typografie",
	author = "Pavel Ko{\v c}i{\v c}ka and Filip Bla{\v z}ek",
	publisher = "Brno: Computer Press",
	year = "2004"
}

@BOOK{rybicka,
	title = "LaTeX pro za\v c\'ate\v cn\'\i{}ky",
	author = "Ji{\v r}{\' i} Rybi{\v c}ka",
	isbn = "80-7302-049-1",
	publisher = "Brno: Konvoj",
	edition = "3"
}

@MANUAL{iso690,
	organization = "\'U\v rad pro technickou normalizaci, metrologii a st\'atn\'\i{} zku\v sebnictv\'\i{}",
	title = "\v CSN ISO 690 Informace a dokumentace -- Pravidla pro bibliografick\'e odkazy a citace informa\v cn\'\i{}ch zdroj{\r u}",
	year = "2011"
}


@ARTICLE {sitova-karta-s-fpga-xilinx,
    title  = "Síťová karta s FPGA Xilinx pro 1 a 10GbE",
    journal = "V: Pandatron - elektrotechnický magazín {[online]}",
    howpublished = "[online]",
    month  = "červen",
    year   = "2013",
    note = "[cit. 2015-10-31]",
    url    = "http://pandatron.cz/?2939&sitova_karta_s_fpga_xilinx_pro_1_a_10gbe"
}

@INBOOK{kruskal,
 author = {Mareš, M. and Valla, T.},
 title = {Průvodce labyrintem algoritmů},
 publisher = "CZ.NIC",
 year      =  2022,
 address   = "Praha",
 pages = {174-176},
 edition   = "druhé"
}

@INBOOK{union-find-kriky,
 author = {Mareš, M. and Valla, T.},
 title = {Průvodce labyrintem algoritmů},
 publisher = "CZ.NIC",
 year      =  2022,
 address   = "Praha",
 pages = {177-178},
 edition   = "druhé"
}

@INBOOK{frama-c-uvod,
 author = {Correnson L. and Cuoq P. and Kirchner F. and Maroneze A. and Prevosto V. and
Puccetti A. and Signoles J. and Yakobowski B.},
 title = {Frama-C User Manual},
 publisher = "CEA LIST",
 year      =  2022,
 address   = "Université Paris-Saclay Software Safety and Security Lab",
 pages = {13-14},
 edition   = "26.0"
}

@INBOOK{obsah-acsl,
 author = {Baudin P. and Cuoq P. and Filliâtre J.C. and Marché C. and Monate B. and Moy Y. and Prevosto V.},
 title = {ACSL: ANSI/ISO C Specification
Language},
 publisher = "CEA LIST and INRIA",
 year      =  2022,
 pages = {11},
 edition   = "1.18"
}


@INBOOK{keywords-acsl,
 author = {Baudin P. and Cuoq P. and Filliâtre J.C. and Marché C. and Monate B. and Moy Y. and Prevosto V.},
 title = {ACSL: ANSI/ISO C Specification
Language},
 publisher = "CEA LIST and INRIA",
 year      =  2022,
 pages = {13},
 edition   = "1.18"
}

@INBOOK{default-requires-acsl,
 author = {Baudin P. and Cuoq P. and Filliâtre J.C. and Marché C. and Monate B. and Moy Y. and Prevosto V.},
 title = {ACSL: ANSI/ISO C Specification
Language},
 publisher = "CEA LIST and INRIA",
 year      =  2022,
 pages = {33},
 edition   = "1.18"
}

@INBOOK{ensures-goto-acsl,
 author = {Baudin P. and Cuoq P. and Filliâtre J.C. and Marché C. and Monate B. and Moy Y. and Prevosto V.},
 title = {ACSL: ANSI/ISO C Specification
Language},
 publisher = "CEA LIST and INRIA",
 year      =  2022,
 pages = {50},
 edition   = "1.18"
}

@INBOOK{alokacne-stavy-acsl,
 author = {Baudin P. and Cuoq P. and Filliâtre J.C. and Marché C. and Monate B. and Moy Y. and Prevosto V.},
 title = {ACSL: ANSI/ISO C Specification
Language},
 publisher = "CEA LIST and INRIA",
 year      =  2022,
 pages = {69},
 edition   = "1.18"
}

@online{predikat-wiki,
  author = {Wikipedia},
  title = {Predikát (logika)},
  url = {https://cs.wikipedia.org/wiki/Predik%C3%A1t_(logika)},
  urldate = {2022-04-19}
}