@BOOK{zaklady-teorie-grafu,
 author = {{Hliněný P.}},
 title = {{Základy Teorie Grafů pro (nejen) informatiky}},
 publisher = {{FI MUNI}},
 year = {2010},
 month = {marec},
 edition = {1.20},
 url = {https://is.muni.cz/do/rect/el/estud/fi/js10/grafy/Grafy-text10.pdf},
 howpublished = "[online]",
 note = "[cit. 2023-3-07]"
}

@BOOK{pruvodce,
 author = {{Mareš M., Valla T.}},
 title = {{Průvodce labyrintem algoritmů}},
 publisher = {{CZ.NIC, z. s. p. o.}},
 year = {2022},
 month = {november},
 edition = {2},
 isbn = "978-80-88168-66-9",
 url = {http://pruvodce.ucw.cz/static/pruvodce.pdf},
 howpublished = "[online]",
 note = "[cit. 2023-3-07]"
}


@MISC{kruskal,
  author = {{Šubelj L.}},
  title = {Algorithms for spanning trees of unweighted networks},
  year = {2022},
  month = {máj},
  doi = "10.48550/arXiv.2205.06628",
  url = {https://arxiv.org/pdf/2205.06628.pdf},
  howpublished = "[online]",
  note = "[cit. 2023-03-23]",
}

@MISC{bfs-dfs-connected-components,
 author = {Dupire F.},
 title = {Union–Find Algorithm for cycle detection in a graph},
 year = {2022},
 month = {máj},
 url = {{https://www.baeldung.com/cs/graph-connected-components}},
 howpublished = "[online]",
 note = "[cit. 2023-04-21]"
}

@MISC{union-find-connected-component,
 author = {Engibaryan R.},
 title = {Disjoint Set Union Data Structure},
 year = {2023},
 month = {február},
 url = {{https://www.baeldung.com/cs/disjoint-set-union-data-structure}},
 howpublished = "[online]",
 note = "[cit. 2023-04-21]"
}

@MISC{dfs-cycle,
 author = {Baeldung},
 title = {Detecting Cycles in a Directed Graph},
 url = {{https://www.techiedelight.com/union-find-algorithm-cycle-detection-graph}},
 howpublished = "[online]",
 note = "[cit. 2023-04-21]"
}


@MISC{union-find-cycle-detection,
 author = {TechieDelight},
 title = {Union–Find Algorithm for cycle detection in a graph},
 year = {2023},
 month = {marec},
 url = {{https://www.baeldung.com/cs/detecting-cycles-in-directed-graph}},
 howpublished = "[online]",
 note = "[cit. 2023-04-21]"
}

@ARTICLE{first-disjoint-set,
  author = {{Fischer M. J., Galler B.}},
  journal = {{Communications of the ACM}},
  title = {An improved equivalence algorithm},
  year = {1964},
  month = {máj},
  doi = "10.1145/364099.364331",
  url = {https://dl.acm.org/doi/pdf/10.1145/364099.364331},
  howpublished = "[online]",
  note = "[cit. 2022-12-28]"
}

@ARTICLE{first-splitting-halving,
  author = {{Tarjan R. E., Leeuwen J. v.}},
  journal = {{Journal of the Assoaatton for Computmg Machinery}},
  title = {Worst-case Analysis of Set Union Algorithms},
  year = {1984},
  month = {apríl},
  doi = "10.1145/62.2160",
  url = {https://dl.acm.org/doi/pdf/10.1145/62.2160},
  howpublished = "[online]",
  note = "[cit. 2022-12-28]"
}

@MANUAL{frama-c-manual,
 author = {{Correnson L. a kol.}},
 title = {Frama-C User Manual},
 edition = {26.1},
 url = {https://frama-c.com/download/frama-c-user-manual.pdf},
 howpublished = "[online]",
 note = "[cit. 2023-01-15]"
}

@MANUAL{acsl,
 author = {{CEA LIST and INRIA}},
 title = {ACSL: ANSI/ISO C Specification Language},
 edition = {1.18},
 url = {https://frama-c.com/download/acsl.pdf},
 howpublished = "[online]",
 note = "[cit. 2023-01-15]"
}

@MISC{predikat,
 author = {Švejdar V.},
 title = {LOGIKA: neúplnost, složitost a nutnost},
 year = {2002},
 month = {marec},
 isbn = {80-200-1005-X},
 url = {{https://www1.cuni.cz/~svejdar/book/LogikaSve2002.pdf}},
 howpublished = "[online]",
 note = "[cit. 2023-04-18]"
}

@BOOK{frama-c,
 author = {{Blanchard A.}},
 publisher = {{Zeste de Savoir}},
 title = {Introduction to C program proof with Frama-C and its WP plugin},
 year = {2020},
 month = {júl},
 url = {https://allan-blanchard.fr/publis/frama-c-wp-tutorial-en.pdf},
 howpublished = "[online]",
 note = "[cit. 2023-02-25]"
}

@MISC{wp,
  author = {CEA LIST},
  title = {WP},
  url = {https://frama-c.com/fc-plugins/wp.html},
  howpublished = "[online]",
  note = "[cit. 2023-02-25]"
}

@MISC{rte,
  author = {{CEA LIST}},
  title = {RTE},
  url = {https://frama-c.com/fc-plugins/rte.html},
  howpublished = "[online]",
  note = "[cit. 2023-02-25]"
}

@MISC{eva,
  author = {{CEA LIST}},
  title = {Eva, an Evolved Value Analysis},
  url = {https://frama-c.com/fc-plugins/eva.html},
  howpublished = "[online]",
  note = "[cit. 2023-02-25]"
}

@MISC{symbolic-execution,
  author = {{Anand S., Godefroid P., Tillmann N.}},
  title = {Demand-Driven Compositional Symbolic Execution},
  booktitle = {Tools and Algorithms for the Construction and Analysis of Systems},
  url = {https://link.springer.com/chapter/10.1007/978-3-540-78800-3_28},
  year = {2008},
  publisher = {Springer Berlin Heidelberg},
  doi = "10.1007/978-3-540-78800-3_28",
  isbn = {978-3-540-78800-3},
  howpublished = "[online]",
  note = "[cit. 2023-03-29]"
}

@ARTICLE{symbolic-execution-and-memory-corruption,
  author = {{Baradaran S. a kol.}},
  journal = {{IET Research Journals}},
  title = {A unit-based symbolic execution method for detecting memory corruption vulnerabilities in executable codes},
  edition = {2},
  year = {2022},
  month = {december},
  doi = "10.48550/arXiv.2210.04258",
  issn = "1751-8644",
  url = {https://arxiv.org/abs/2210.04258},
  howpublished = "[online]",
  note = "[cit. 2023-03-23]",
}

@MISC{error-klee,
  author = {{The KLEE Team}},
  title = {Testing a Simple Regular Expression Library},
  url = {https://klee.github.io/tutorials/testing-regex/},
  howpublisher = "[online]",
  note = "[cit. 2023-03-23]"
}

@ARTICLE{benchmark,
  author = {{Fleming Philip J., Wallace, John J.}},
  journal = {{Communications of the ACM}},
  title = {How not to lie with statistics: the correct way to summarize benchmark results},
  year = {1986},
  month = {marec},
  doi = {10.1145/5666},
  url = {https://dl.acm.org/doi/pdf/10.1145/5666.5673},
  howpublished = "[online]",
  note = "[cit. 2023-03-23]"
}
